@article {Steenrod47,
    AUTHOR = {Steenrod, N. E.},
     TITLE = {Products of cocycles and extensions of mappings},
   JOURNAL = {Ann. of Math. (2)},
  FJOURNAL = {Annals of Mathematics. Second Series},
    VOLUME = {48},
      YEAR = {1947},
     PAGES = {290--320},
      ISSN = {0003-486X},
   MRCLASS = {56.0X},
  MRNUMBER = {22071},
MRREVIEWER = {B. Eckmann},
       DOI = {10.2307/1969172},
       URL = {https://doi.org/10.2307/1969172},
}

@book{Steenrod62,
	title={Cohomology operations},
	author={Steenrod, Norman Earl and Epstein, David BA},
	number={50},
	year={1962},
	publisher={Princeton University Press}
}

@article {Adem52,
	AUTHOR = {Adem, Jos\'{e}},
	TITLE = {The iteration of the {S}teenrod squares in algebraic topology},
	JOURNAL = {Proc. Nat. Acad. Sci. U.S.A.},
	FJOURNAL = {Proceedings of the National Academy of Sciences of the United
	States of America},
	VOLUME = {38},
	YEAR = {1952},
	PAGES = {720--726},
	ISSN = {0027-8424},
	MRCLASS = {56.0X},
	MRNUMBER = {50278},
	MRREVIEWER = {W. S. Massey},
	DOI = {10.1073/pnas.38.8.720},
	URL = {https://doi.org/10.1073/pnas.38.8.720},
}

@article {Serre53,
	AUTHOR = {Serre, Jean-Pierre},
	TITLE = {Cohomologie modulo {$2$} des complexes
	d'{E}ilenberg-{M}ac{L}ane},
	JOURNAL = {Comment. Math. Helv.},
	FJOURNAL = {Commentarii Mathematici Helvetici},
	VOLUME = {27},
	YEAR = {1953},
	PAGES = {198--232},
	ISSN = {0010-2571},
	MRCLASS = {56.0X},
	MRNUMBER = {60234},
	MRREVIEWER = {W. S. Massey},
	DOI = {10.1007/BF02564562},
	URL = {https://doi.org/10.1007/BF02564562},
}

@article {Cartan55,
	AUTHOR = {Cartan, Henri},
	TITLE = {Sur l'it\'{e}ration des op\'{e}rations de {S}teenrod},
	JOURNAL = {Comment. Math. Helv.},
	FJOURNAL = {Commentarii Mathematici Helvetici},
	VOLUME = {29},
	YEAR = {1955},
	PAGES = {40--58},
	ISSN = {0010-2571},
	MRCLASS = {56.0X},
	MRNUMBER = {68219},
	MRREVIEWER = {J. Adem},
	DOI = {10.1007/BF02564270},
	URL = {https://doi.org/10.1007/BF02564270},
}

@article {Stasheff63,
	AUTHOR = {Stasheff, James Dillon},
	TITLE = {Homotopy associativity of {$H$}-spaces. {I}, {II}},
	JOURNAL = {Trans. Amer. Math. Soc. 108 (1963), 275-292; ibid.},
	FJOURNAL = {Transactions of the American Mathematical Society},
	VOLUME = {108},
	YEAR = {1963},
	PAGES = {293--312},
	ISSN = {0002-9947},
	MRCLASS = {55.40},
	MRNUMBER = {0158400},
	MRREVIEWER = {A. H. Clark},
	DOI = {10.1090/s0002-9947-1963-0158400-5},
	URL = {https://doi.org/10.1090/s0002-9947-1963-0158400-5},
}

@book {BoardmanVogt73,
	AUTHOR = {Boardman, J. M. and Vogt, R. M.},
	TITLE = {Homotopy invariant algebraic structures on topological spaces},
	SERIES = {Lecture Notes in Mathematics, Vol. 347},
	PUBLISHER = {Springer-Verlag, Berlin-New York},
	YEAR = {1973},
	PAGES = {x+257},
	MRCLASS = {55D35},
	MRNUMBER = {0420609},
	MRREVIEWER = {J. Stasheff},
}

@inproceedings {May70algebraic,
	AUTHOR = {May, J. Peter},
	TITLE = {A general algebraic approach to {S}teenrod operations},
	BOOKTITLE = {The {S}teenrod {A}lgebra and its {A}pplications ({P}roc.
	{C}onf. to {C}elebrate {N}. {E}. {S}teenrod's {S}ixtieth
	{B}irthday, {B}attelle {M}emorial {I}nst., {C}olumbus, {O}hio,
	1970)},
	SERIES = {Lecture Notes in Mathematics, Vol. 168},
	PAGES = {153--231},
	PUBLISHER = {Springer, Berlin},
	YEAR = {1970},
	MRCLASS = {55.34 (18.00)},
	MRNUMBER = {0281196},
	MRREVIEWER = {W. D. Barcus},
}

@book {May72geometry,
	AUTHOR = {May, J. P.},
	TITLE = {The geometry of iterated loop spaces},
	NOTE = {Lectures Notes in Mathematics, Vol. 271},
	PUBLISHER = {Springer-Verlag, Berlin-New York},
	YEAR = {1972},
	PAGES = {viii+175},
	MRCLASS = {55D35},
	MRNUMBER = {0420610},
	MRREVIEWER = {J. Stasheff},
}

@article {ArakiKudo56,
	AUTHOR = {Kudo, Tatsuji and Araki, Sh\^{o}r\^{o}},
	TITLE = {Topology of {$H_n$}-spaces and {$H$}-squaring operations},
	JOURNAL = {Mem. Fac. Sci. Ky\={u}sy\={u} Univ. A},
	FJOURNAL = {Memoirs of the Faculty of Science. Kyushu University. Series
	A. Mathematics},
	VOLUME = {10},
	YEAR = {1956},
	PAGES = {85--120},
	ISSN = {0373-6385},
	MRCLASS = {55.0X},
	MRNUMBER = {87948},
	MRREVIEWER = {R. Bott},
}

@article {DyerLashof62,
	AUTHOR = {Dyer, Eldon and Lashof, R. K.},
	TITLE = {Homology of iterated loop spaces},
	JOURNAL = {Amer. J. Math.},
	FJOURNAL = {American Journal of Mathematics},
	VOLUME = {84},
	YEAR = {1962},
	PAGES = {35--88},
	ISSN = {0002-9327},
	MRCLASS = {55.30 (55.40)},
	MRNUMBER = {141112},
	MRREVIEWER = {J. F. Adams},
	DOI = {10.2307/2372804},
	URL = {https://doi.org/10.2307/2372804},
}

@article {McClureSmith03,
	AUTHOR = {McClure, James E. and Smith, Jeffrey H.},
	TITLE = {Multivariable cochain operations and little {$n$}-cubes},
	JOURNAL = {J. Amer. Math. Soc.},
	FJOURNAL = {Journal of the American Mathematical Society},
	VOLUME = {16},
	YEAR = {2003},
	NUMBER = {3},
	PAGES = {681--704},
	ISSN = {0894-0347},
	MRCLASS = {55P48 (18D50)},
	MRNUMBER = {1969208},
	MRREVIEWER = {Beno\^{\i}t Fresse},
	DOI = {10.1090/S0894-0347-03-00419-3},
	URL = {https://doi.org/10.1090/S0894-0347-03-00419-3},
}

@article {BergerFresse04,
	AUTHOR = {Berger, Clemens and Fresse, Benoit},
	TITLE = {Combinatorial operad actions on cochains},
	JOURNAL = {Math. Proc. Cambridge Philos. Soc.},
	FJOURNAL = {Mathematical Proceedings of the Cambridge Philosophical
	Society},
	VOLUME = {137},
	YEAR = {2004},
	NUMBER = {1},
	PAGES = {135--174},
	ISSN = {0305-0041},
	MRCLASS = {18D50 (16E45 55P48)},
	MRNUMBER = {2075046},
	MRREVIEWER = {David Chataur},
	DOI = {10.1017/S0305004103007138},
	URL = {https://doi.org/10.1017/S0305004103007138},
}

@article{medina2018persistence,
	title={Persistence {S}teenrod modules},
	author={Medina-Mardones, Anibal M.},
	journal={arXiv preprint arXiv:1812.05031},
	year={2018}
}

@article {Kapustin2017,
	AUTHOR = {Kapustin, Anton and Thorngren, Ryan},
	TITLE = {Fermionic {SPT} phases in higher dimensions and bosonization},
	JOURNAL = {J. High Energy Phys.},
	FJOURNAL = {Journal of High Energy Physics},
	YEAR = {2017},
	NUMBER = {10},
	PAGES = {080, front matter+48},
	ISSN = {1126-6708},
	MRCLASS = {81T30},
	MRNUMBER = {3731133},
	DOI = {10.1007/jhep10(2017)080},
	URL = {https://doi.org/10.1007/jhep10(2017)080},
}

@article {medina2020globular,
	AUTHOR = {Medina-Mardones, Anibal M.},
	TITLE = {An algebraic representation of globular sets},
	JOURNAL = {Homology Homotopy Appl.},
	FJOURNAL = {Homology, Homotopy and Applications},
	VOLUME = {22},
	YEAR = {2020},
	NUMBER = {2},
	PAGES = {135--150},
	ISSN = {1532-0073},
	MRCLASS = {18N99 (18F99 55S05)},
	MRNUMBER = {4093174},
	DOI = {10.4310/hha.2020.v22.n2.a8},
	URL = {https://doi.org/10.4310/hha.2020.v22.n2.a8},
}

@article{medina2020chain,
	title={Chain level {S}teenrod operations},
	author={Kaufmann, Ralph M and Medina-Mardones, Anibal M},
	journal={arXiv preprint arXiv:2010.02571},
	year={2020}
}

@incollection {GonReal1999,
	AUTHOR = {Gonz\'{a}lez-D\'{\i}az, Roc\'{\i}o and Real, Pedro},
	TITLE = {A combinatorial method for computing {S}teenrod squares},
	NOTE = {Effective methods in algebraic geometry (Saint-Malo, 1998)},
	JOURNAL = {J. Pure Appl. Algebra},
	FJOURNAL = {Journal of Pure and Applied Algebra},
	VOLUME = {139},
	YEAR = {1999},
	NUMBER = {1-3},
	PAGES = {89--108},
	ISSN = {0022-4049},
	MRCLASS = {55N45 (55S10 55U10 55U15)},
	MRNUMBER = {1700539},
	MRREVIEWER = {Kalathoor Varadarajan},
	DOI = {10.1016/S0022-4049(99)00006-7},
	URL = {https://doi.org/10.1016/S0022-4049(99)00006-7},
}

@InCollection{Pilarczyk2016,
	Author = {Marek {Kr\v{c}\'al} and Pawe{\l} {Pilarczyk}},
	Title = {{Computation of cubical Steenrod squares}},
	BookTitle = {{Computational topology in image context. 6th international workshop, CTIC 2016, Marseille, France, June 15--17, 2016. Proceedings}},
	ISBN = {978-3-319-39440-4/pbk; 978-3-319-39441-1/ebook},
	Pages = {140--151},
	Year = {2016},
	Publisher = {Cham: Springer},
	Language = {English},
	MSC2010 = {68U05 55S10 55U10},
	Zbl = {1339.68273}
}

@Article{GonReal2003,
	Author = {R. {Gonz\'alez-D\'{\i}az} and P. {Real}},
	Title = {{Computation of cohomology operations on finite simplicial complexes}},
	FJournal = {{Homology, Homotopy and Applications}},
	Journal = {{Homology Homotopy Appl.}},
	ISSN = {1532-0073; 1532-0081/e},
	Volume = {5},
	Number = {2},
	Pages = {83--93},
	Year = {2003},
	Publisher = {International Press of Boston, Somerville, MA},
	Language = {English},
	MSC2010 = {55S05 55U10},
	Zbl = {1028.55011}
}

@Article{GonReal2005,
	Author = {Rocio {Gonzalez-Diaz} and Pedro {Real}},
	Title = {{HPT and cocyclic operations}},
	FJournal = {{Homology, Homotopy and Applications}},
	Journal = {{Homology Homotopy Appl.}},
	ISSN = {1532-0073; 1532-0081/e},
	Volume = {7},
	Number = {2},
	Pages = {95--108},
	Year = {2005},
	Publisher = {International Press of Boston, Somerville, MA},
	Language = {English},
	MSC2010 = {55S10 55S20 55U15},
	Zbl = {1084.55010}
}

@incollection {Markl08,
	AUTHOR = {Markl, Martin},
	TITLE = {Operads and {PROP}s},
	BOOKTITLE = {Handbook of algebra. {V}ol. 5},
	SERIES = {Handb. Algebr.},
	VOLUME = {5},
	PAGES = {87--140},
	PUBLISHER = {Elsevier/North-Holland, Amsterdam},
	YEAR = {2008},
	MRCLASS = {18D50},
	MRNUMBER = {2523450},
	DOI = {10.1016/S1570-7954(07)05002-4},
	URL = {https://doi.org/10.1016/S1570-7954(07)05002-4},
}

@article {medina2020prop1,
	AUTHOR = {Medina-Mardones, Anibal M.},
	TITLE = {A finitely presented {$E_\infty$}-prop {I}: algebraic context},
	JOURNAL = {High. Struct.},
	FJOURNAL = {Higher Structures},
	VOLUME = {4},
	YEAR = {2020},
	NUMBER = {2},
	PAGES = {1--21},
	MRCLASS = {55P48 (18M85 18N50)},
	MRNUMBER = {4133162},
}

@article{medina2018prop2,
	title={A finitely presented ${E}_{\infty}$-Prop {II}: cellular Context},
	author={Medina-Mardones, Anibal M.},
	journal={arXiv preprint arXiv:1808.07132},
	year={2018}
}

@book {Cohen76,
	AUTHOR = {Cohen, Frederick R. and Lada, Thomas J. and May, J. Peter},
	TITLE = {The homology of iterated loop spaces},
	SERIES = {Lecture Notes in Mathematics, Vol. 533},
	PUBLISHER = {Springer-Verlag, Berlin-New York},
	YEAR = {1976},
	PAGES = {vii+490},
	MRCLASS = {55G25 (55D35)},
	MRNUMBER = {0436146},
	MRREVIEWER = {Peter J. Eccles},
}

@article {Tourtchine06,
	AUTHOR = {Tourtchine, Victor},
	TITLE = {Dyer-{L}ashof-{C}ohen operations in {H}ochschild cohomology},
	JOURNAL = {Algebr. Geom. Topol.},
	FJOURNAL = {Algebraic \& Geometric Topology},
	VOLUME = {6},
	YEAR = {2006},
	PAGES = {875--894},
	ISSN = {1472-2747},
	MRCLASS = {55S12 (16E40 18D50 55P48)},
	MRNUMBER = {2240919},
	MRREVIEWER = {Vigleik Angeltveit},
	DOI = {10.2140/agt.2006.6.875},
	URL = {https://doi.org/10.2140/agt.2006.6.875},
}

@article {medina2020cartan,
	AUTHOR = {Medina-Mardones, Anibal M.},
	TITLE = {An effective proof of the {C}artan formula: the even prime},
	JOURNAL = {J. Pure Appl. Algebra},
	FJOURNAL = {Journal of Pure and Applied Algebra},
	VOLUME = {224},
	YEAR = {2020},
	NUMBER = {12},
	PAGES = {106444, 18},
	ISSN = {0022-4049},
	MRCLASS = {55S10 (55S05 55S12)},
	MRNUMBER = {4102178},
	DOI = {10.1016/j.jpaa.2020.106444},
	URL = {https://doi.org/10.1016/j.jpaa.2020.106444},
}

@article{brumfiel2020cochain,
	title={A Cochain Level Proof of {A}dem Relations in the Mod 2 {S}teenrod Algebra},
	author={Brumfiel, Greg and Medina-Mardones, Anibal M and Morgan, John},
	journal={arXiv preprint arXiv:2006.09354},
	year={2020}
}
